@book{RLintro, 
    author = {Richard S. Sutton and Andrew G. Barto}, 
    title = {Reinforcement Learning: An introduction},
    edition = {2},
    year = {2015}, 
    publisher = {The MIT Press}, 
    address = {Cambridge, Massachusetts}
}

@article{RLboard,
    author ={Imran Ghory},
    title = {Reinforcement learning in board games},
    year = {2004}
}

@misc{LecNotesSilver,
  author = {David Silver},
  title = {Introduction to reinforcement learning},
  howpublished = {\url{https://deepmind.com/learning-resources/-introduction-reinforcement-learning-david-silver}},
  year = {2015}
}