@book{RLintro, 
    author = "Richard S. Sutton and Andrew G. Barto", 
    title = Reinforcement Learning: An introduction,
    edition = 2,
    year = 2015, 
    publisher = The MIT Press, 
    address = Cambridge, Massachusetts
}